@misc{wsl,
  author       = {Microsoft},
  year         = {2023},
  title        = {使用 WSL 在 Windows 上安装 Linux},
  howpublished = {\url{https://learn.microsoft.com/zh-cn/windows/wsl/install}}
}

@misc{ssh,
  author       = {der.der.},
  year         = {2020},
  title        = {VSCode远程登录Linux，实现Windows下进行Linux编程},
  howpublished = {\url{https://blog.csdn.net/qq\_42669026/article/details/104056358}}
}

@misc{ssh-nopswd,
  author       = {ninding},
  year         = {2023},
  title        = {【软件教程】如何让vscode连接ssh时免密登录},
  howpublished = {\url{https://blog.csdn.net/zhangjiuding/article/details/129478438}}
}

@misc{git-cong,
  author       = {Congcong Li},
  year         = {2016},
  title        = {Git的核心概念},
  howpublished = {\url{https://blog.lufficc.com/the-core-conception-of-git/}}
}

@misc{git-install,
  author       = {mukes},
  howpublished = {\url{https://blog.csdn.net/mukes/article/details/115693833}},
  title        = {Git 详细安装教程（详解 Git 安装过程的每一个步骤）},
  year         = {2023}
}
@misc{github-repo,
  author       = {前端历劫之路},
  year         = {2021},
  title        = {2021.8.13起，Github要求使用基于令牌的身份验证},
  howpublished = {\url{https://zhuanlan.zhihu.com/p/401978754}}
}
